% This file was created with JabRef 2.4.2.
% Encoding: Cp1252

@INPROCEEDINGS{dbpedia,
  author = {Sören Auer and Chris Bizer and Georgi Kobilarov and Jens Lehmann
	and Richard Cyganiak and Zachary Ives},
  title = {DBpedia: a nucleus for a web of open data},
  booktitle = {The 6th International Semantic Web Conference (ISWC 2007) Busan,
	Korea},
  year = {2007},
  owner = {georgi},
  timestamp = {2008.12.16}
}

@MISC{linkedData,
  author = {Tim Berners-Lee},
  title = {Linked Data},
  year = {2006},
  note = {\url{http://www.w3.org/DesignIssues/LinkedData.html}},
  owner = {bizer},
  timestamp = {2009.03.26}
}

@MISC{linkedDataHowto,
  author = {Christian Bizer and Richard Cyganiak and Tom Heath},
  title = {How to publish Linked Data on the Web},
  year = {2007},
  note = {\url{http://sites.wiwiss.fu-berlin.de/suhl/bizer/pub/LinkedDataTutorial/}},
  owner = {bizer},
  timestamp = {2009.03.27}
}

@INPROCEEDINGS{oktei,
  author = {{Oktei Hassanzadeh, et al.}},
  title = {A Declarative Framework for
Semantic Link Discovery over Relational Data. },
  booktitle = {Poster at 18th World Wide Web Conference (WWW2009)},
  year = {2009},
  owner = {georgi},
  timestamp = {2009.03.26}
}

@INPROCEEDINGS{bbcdbpedia,
  author = {Georgi Kobilarov and Tom Scott and Yves Raimond and Silver Oliver
	and Chris Sizemore and Michael Smethurst and Christian Bizer and
	Robert Lee},
  title = {Media meets Semantic Web - How the BBC uses DBpedia and Linked Data
	to make Connections},
  booktitle = {6th European Semantic Web Conference (ESWC2009), Semantic Web In-Use
	Track},
  year = {2009},
  owner = {georgi},
  timestamp = {2009.03.26}
}

@ARTICLE{YagoArticle,
  author = {Fabian M. Suchanek and Gjergji Kasneci and Gerhard Weikum},
  title = {YAGO: A Large Ontology from Wikipedia and WordNet},
  journal = {Web Semant.},
  year = {2008},
  volume = {6},
  pages = {203--217},
  number = {3},
  address = {Amsterdam, The Netherlands, The Netherlands},
  doi = {http://dx.doi.org/10.1016/j.websem.2008.06.001},
  issn = {1570-8268},
  owner = {georgi},
  publisher = {Elsevier Science Publishers B. V.},
  timestamp = {2009.03.27}
}

@INPROCEEDINGS{silkpaper,
  author = {Julius Volz and Christian Bizer and Martin Gaedke and Georgi Kobilarov},
  title = {Silk - A Link Discovery Framework for the Web of Data},
  booktitle = {2nd Linked Data on the Web Workshop (LDOW2009)},
  year = {2009},
  owner = {georgi},
  timestamp = {2009.03.27}
}

