This file was created with JabRef 1.7.1.
Encoding: Cp1252

@INPROCEEDINGS{Agrawal03,
  author = {R. Agrawal and P. Domingos and M. Richardson},
  title = {{Trust Management for the Semantic Web}},
  booktitle = {2nd International Semantic Web Conference },
  year = {2003},
  howpublished = {\url{http://www.cs.washington.edu/homes/mattr/doc/iswc2003/iswc2003.pdf}},
}

@INPROCEEDINGS{policylangcomparison2003,
  author = {Tonti Gianluca et al.},
  title = {Semantic Web Languages for Policy
	 Representation and Reasoning: A Comparison of KAos, Rei, and Ponder},
  booktitle = {2nd International Semantic Web Conference},
  year = {2003},
  owner = {BIZER},
}

@BOOK{jlaustin,
  title = {{How to do things with words}},
  publisher = {Harvard University Press},
  year = {1962},
  author = {Austin, J. L.},
}

@BOOK{Baader2003,
  title = {The Description Logic Handbook},
  publisher = {Cambridge University Press},
  year = {2003},
  author = {Franz Baader and Diego Calvanese
	 and Deborah McGuinness and Daniele Nardi and Peter Patel-Schneider},
  owner = {westphal},
}

@UNPUBLISHED{BaHS03,
  author = {Franz Baader and Ian Horrocks and Ulrike Sattler},
  title = {Description Logics as Ontology Languages for the Semantic Web},
  note = {Im Druck befindlich},
  year = {2003},
  booktitle = {Festschrift in honor of J{\"o}rg Siekmann},
  editor = {Dieter Hutter and Werner Stephan},
  publisher = {Springer},
  series = {Lecture Notes in Artificial Intelligence},
  url = {http://www.cs.man.ac.uk/~horrocks/Publications/download/2003/BaHS03.pdf},
}

@INPROCEEDINGS{r2o,
  author = {Jes\'{u}s Barrasa and \'{O}scar Corcho and Asunci\'{o}n G\'{o}mez-P\'{e}rez},
  title = {R2O, an extensible and semantically based database-to-ontology mapping language},
  booktitle = {Proceedings of the 2nd Workshop on Semantic Web and Databases},
  year = {2004},
  month = {Aug},
  location = {Toronto, Canada},
}

@MISC{sean-wgnote,
  author = {Sean Bechhofer},
  title = {{Parsing OWL}},
  howpublished = {current draft \url{http://wonderweb.semanticweb.org/owl/parsing-03-10-09.shtml}},
  year = {2004},
  note = {W3C WG Note, In preparation},
}

@TECHREPORT{sean,
  author = {Sean Bechhofer and Jeremy J. Carroll},
  title = {{OWL DL: Tress or Triples?}},
  institution = {HP Labs},
  year = {2003},
  number = {HPL-2003-267},
  howpublished = {\url{http://www.hpl.hp.com/techreports/2003/HPL-2003-267.html}
	 temporarily \url{http://www-uk.hpl.hp.com/people/jjc/tmp/HPL-2003-267.pdf}},
}

@INPROCEEDINGS{bechhofer03:cooking,
  author = {Sean Bechhofer and Phillip Lord and Raphael Volz},
  title = {{Cooking the Semantic Web with the OWL API}},
  booktitle = {2nd International Semantic Web Conference, ISWC},
  year = {2003},
  volume = {2870},
  series = {Lecture Notes in Computer Science},
  address = {Sanibel Island, Florida},
  month = {October},
  publisher = {Springer},
}

@MISC{rdf-syntax,
  author = {D. Beckett},
  title = {{RDF/XML Syntax Specification (Revised) - W3C Recommendation}},
  howpublished = {\url{http://www.w3.org/TR/rdf-syntax-grammar/}},
  year = {2004},
}

@MISC{turtle,
  author = {D. Beckett},
  title = {{Turtle - Terse RDF Triple Language}},
  howpublished = {\url{http://www.ilrt.bris.ac.uk/discovery/2004/01/turtle/}},
  year = {2004},
}

@INPROCEEDINGS{beckett-syntaxes,
  author = {Dave Beckett},
  title = {{Modernising Semantic Web Markup}},
  booktitle = {{XML Europe}},
  year = {2004},
}

@MANUAL{RDFXML-spec,
  title = {RDF/XML Syntax Specification (Revised) - W3C Recommendation},
  author = {Dave Beckett},
  year = {2004},
  note = {http://www.w3.org/TR/2004/REC-rdf-syntax-grammar-20040210/},
  owner = {BIZER},
}

@MISC{Beckett03,
  author = {Dave Beckett},
  title = {{Redland Notes - Contexts}},
  howpublished = {\url{http://www.redland.opensource.ac.uk/notes/contexts.html}},
  year = {2003},
}

@MISC{n3,
  author = {T. Berners-Lee},
  title = {{Notation 3}},
  howpublished = {\url{http://www.w3.org/DesignIssues/Notation3}},
  year = {1998},
}

@MISC{N3-log,
  author = {T. Berners-Lee and others},
  title = {{RDF Schema for log: vocabulary}},
  howpublished = {\url{http://www.w3.org/2000/10/swap/log}},
  year = {2003},
}

@MISC{linkedData,
  author = {Tim Berners-Lee},
  title = {Linked Data},
  year = {2006},
  note = {\url{http://www.w3.org/DesignIssues/LinkedData.html}},
  owner = {bizer},
}

@MANUAL{Berners-Lee2002,
  title = {Principles of Design},
  author = {Tim Berners-Lee},
  address = {http://www.w3.org/DesignIssues/Principles.html},
  month = {Januar},
  year = {2002},
  note = {Abruf am 25.01.2005},
  owner = {westphal},
}

@MANUAL{Berners-Lee1998a,
  title = {What the Semantic Web can represent},
  author = {Tim Berners-Lee},
  address = {http://www.w3.org/DesignIssues/RDFnot.html},
  month = {September},
  year = {1998},
  note = {Abruf am 01.12.2004},
  owner = {westphal},
}

@MANUAL{TBL-ohyeah,
  title = {Cleaning up the User Interface},
  author = {Tim Berners-Lee},
  year = {1997},
  note = {http://www.w3.org/DesignIssues/UI.html},
  owner = {BIZER},
}

@MISC{tbl97,
  author = {Tim Berners-Lee},
  title = {Cleaning up the User Interface, Section - The "Oh, yeah?"-Button},
  year = {1997},
  note = {http://www.w3.org/DesignIssues/UI.html},
  owner = {BIZER},
}

@MANUAL{Berners-Lee1994,
  title = {RFC 1630 - Universal Resource Identifiers in WWW},
  author = {Tim Berners-Lee},
  organization = {CERN},
  address = {http://www.faqs.org/rfcs/rfc1630.html},
  month = {Juni},
  year = {1994},
  note = {Abruf am 01.12.2004},
  owner = {westphal},
}

@MANUAL{Berners-Lee1998,
  title = {RFC 2396 - Uniform Resource Identifiers (URI): Generic Syntax},
  author = {Tim Berners-Lee and R. Fielding and L. Masinter},
  address = {http://www.isi.edu/in-notes/rfc2396.txt},
  month = {August},
  year = {1998},
  note = {Abruf am 08.12.2004},
  owner = {westphal},
}

@ARTICLE{Berners2001,
  author = {Tim Berners-Lee and James Hendler and Ora Lassilia},
  title = {The Semantic Web},
  journal = {Scientific American},
  year = {2001},
  volume = {284},
  pages = {34-44},
  number = {5},
  month = {Mai},
  owner = {westphal},
}

@MISC{D2rserverpage,
  author = {Chris Bizer and Richard Cyganiak},
  title = {D2R Server - Publishing Relational Databases on the Semantic Web},
  year = {2007},
  note = {\url{http://sites.wiwiss.fu-berlin.de/suhl/bizer/d2r-server/}},
  owner = {bizer},
}

@MANUAL{d2r-website,
  title = {D2R Server: SPARQL Endpoint for Relational Databases},
  author = {Chris Bizer and Richard Cyganiak},
  year = {2006},
  note = {http://www.wiwiss.fu-berlin.de/suhl/bizer/d2r-server/},
}

@MISC{ng4j,
  author = {Chris Bizer and Richard Cyganiak},
  title = {{NG4J - Named Graphs API for Jena}},
  howpublished = {\url{http://www.wiwiss.fu-berlin.de/suhl/bizer/ng4j/}},
  year = {2005},
}

@MANUAL{Bizer2004,
  title = {RAP - RDF API for PHP},
  author = {Christian Bizer},
  organization = {Freie Universit‰t Berlin},
  address = {http://www.wiwiss.fu-berlin.de/suhl/bizer/rdfapi/index.html},
  month = {Dezember},
  year = {2004},
  note = {Abruf am 23.01.2005},
  owner = {westphal},
}

@MISC{BizerTriQL,
  author = {Christian Bizer},
  title = {{TriQL - A Query Language for Named Graphs}},
  howpublished = {\url{http://www.wiwiss.fu-berlin.de/suhl/bizer/TriQL/}},
  year = {2004},
}

@MISC{bizerTriQLP,
  author = {Christian Bizer},
  title = {{TriQL.P - A Query Language for Querying Named Graphs Published by Untrustworthy Sources}},
  howpublished = {\url{http://www.wiwiss.fu-berlin.de/suhl/bizer/triqlp/}},
  year = {2004},
}

@MISC{BizerTrustGuide04,
  author = {Christian Bizer},
  title = {{Semantic Web Trust and Security Resource Guide}},
  howpublished = {\url{http://www.wiwiss.fu-berlin.de/suhl/bizer/SWTSGuide}},
  year = {2004},
}

@MANUAL{TriQL-spec,
  title = {TriQL - A Query Language for Named Graphs},
  author = {Christian Bizer},
  year = {2004},
  note = {http://www.wiwiss.fu-berlin.de/suhl/bizer/TriQL/Spec/},
  owner = {BIZER},
}

@MANUAL{TriQLP-spec,
  title = {TriQL.P - A Query Language for Querying Named Graphs Published by Untrustworthy Sources},
  author = {Christian Bizer},
  year = {2004},
  note = {http://www.wiwiss.fu-berlin.de/suhl/bizer/TriQLP/Spec/},
  owner = {BIZER},
}

@MISC{bizer:trig,
  author = {Christian Bizer},
  title = {The TriG Syntax},
  note = {http://www.wiwiss.fu-berlin.de/suhl/bizer/TriG/},
  owner = {BIZER},
}

@MANUAL{D2RQ,
  title = {D2RQ - Treating Non-RDF Databases as Virtual RDF Graphs},
  author = {Christian Bizer and Richard Cyganiak and J\"{o}rg Garbers},
  organization = {Freie Universit‰t Berlin},
  address = {http://www.wiwiss.fu-berlin.de/suhl/bizer/d2rq/},
}

@INPROCEEDINGS{bookMashup,
  author = {Christian Bizer and Richard Cyganiak and Tobias Gauﬂ},
  title = {{The RDF Book Mashup: From Web APIs to a Web of Data}},
  booktitle = {Proceedings of the 3rd Workshop on Scripting for the Semantic Web},
  year = {2007},
  owner = {bizer},
}

@MISC{linkedDataHowto,
  author = {Christian Bizer and Richard Cyganiak and Tom Heath},
  title = {How to publish Linked Data on the Web},
  year = {2007},
  note = {\url{http://sites.wiwiss.fu-berlin.de/suhl/bizer/pub/LinkedDataTutorial/}},
  owner = {bizer},
}

@INPROCEEDINGS{bizer-usingPolicies,
  author = {Bizer, Christian and Oldakowski, Radoslaw},
  title = {Using Context- and Content-Based Trust Policies on the Semantic Web},
  booktitle = {The Thirteenth International World Wide Web Conference},
  year = {2004},
  owner = {BIZER},
}

@INPROCEEDINGS{bizer:www2004,
  author = {Christian Bizer and Radoslaw Oldakowski},
  title = {Using Context- and Content-Based Trust Policies on the Semantic Web},
  booktitle = {13th World Wide Web Conference (Poster)},
  year = {2004},
}

@INPROCEEDINGS{d2rq-poster,
  author = {Christian Bizer and Andy Seaborne},
  title = {D2RQ: Treating Non-RDF Databases as Virtual RDF Graphs},
  booktitle = {3rd International Semantic Web Conference (ISWC2004)},
  year = {2004},
  note = {\url{http://www.wiwiss.fu-berlin.de/suhl/bizer/pub/Bizer-D2RQ-ISWC2004.pdf}},
  location = {Hiroshima, Japan},
}

@MISC{xquery,
  author = {S. Boag and D. Chamberlin
	 and M.F.Fern\'andez and D. Florescu and J. Robie and J. Sim\'eon},
  title = {{XQuery 1.0: An XML Query Language}},
  howpublished = {{\url{http://www.w3.org/TR/xquery/}}},
  year = {2005},
  organization = {W3C},
}

@MISC{Excl-XML,
  author = {John Boyer and Donald E. {Eastlake 3rd} and Joseph Reagle},
  title = {{Exclusive XML Canonicalization Version 1.0 - W3C Recommendation}},
  year = {2002},
  note = {\url{http://www.w3.org/TR/2002/REC-xml-exc-c14n-20020718/}},
  owner = {BIZER},
}

@MANUAL{Bray1999,
  title = {Namespaces in XML},
  author = {Tim Bray and Dave Hollander and Andrew Layman},
  organization = {W3C},
  address = {http://www.w3.org/TR/1999/REC-xml-names-19990114/},
  month = {Januar},
  year = {1999},
  note = {Abruf am 21.01.2005},
  owner = {westphal},
}

@MISC{SIOCexporters,
  author = {John Breslin},
  title = {SIOC Exporters},
  year = {2007},
  note = {\url{http://sioc-project.org/exporters}},
  owner = {bizer},
}

@MISC{rdf-vocab,
  author = {D. Brickley and R. V. Guha},
  title = {{RDF Vocabulary Description Language 1.0 - W3C Recommendation}},
  howpublished = {\url{http://www.w3.org/TR/rdf-schema/}},
  year = {2004},
}

@MANUAL{Brickley2004a,
  title = {RDF Vocabulary Description Language 1.0: RDF Schema},
  author = {Dan Brickley and R.V. Guha},
  organization = {W3C},
  address = {http://www.w3.org/TR/rdf-schema/},
  month = {Februar},
  year = {2004},
  note = {Abruf am 10.01.2005},
  owner = {westphal},
}

@MANUAL{Brickley2004,
  title = {FOAF Vocabulary Specification},
  author = {Dan Brickley and Libby Miller},
  address = {http://xmlns.com/foaf/0.1/},
  month = {September},
  year = {2004},
  note = {Abruf am 02.12.2004},
  owner = {westphal},
}

@INPROCEEDINGS{Broekstra2003,
  author = {Jeen Broekstra and Arjohn Kampman},
  title = {Inferencing and Truth Maintenance in RDF Schema},
  booktitle = {PSSS - Practical and Scalable Semantic Systems, First International Workshop on
	 Practical and Scalable Semantic Systems, Sanibel Island, Florida, USA},
  year = {2003},
  bibsource = {DBLP, http://dblp.uni-trier.de},
  ee = {http://SunSITE.Informatik.RWTH-Aachen.de/Publications/CEUR-WS//Vol-89/broekstra-et-al.pdf},
}

@INPROCEEDINGS{buneman01why,
  author = {Peter Buneman and Sanjeev Khanna and Wang-Chiew Tan},
  title = {Why and Where: {A} Characterization of Data Provenance},
  year = {2001},
  volume = {1973},
  pages = {316--??},
  journal = {Lecture Notes in Computer Science},
  url = {citeseer.ist.psu.edu/buneman01why.html},
}

@INPROCEEDINGS{jena2,
  author = {J. J. Carroll and I.
	 Dickinson and C. Dollin and D. Reynolds and A. Seaborne and K. Wilkinson},
  title = {{Jena: Implementing the Semantic Web Recommendations}},
  booktitle = {13th World Wide Web Conference},
  year = {2004},
}

@INPROCEEDINGS{carroll:trix,
  author = {J. J. Carroll and P. Stickler},
  title = {{TriX: RDF Triples in XML}},
  booktitle = {Proceedings of Extreme Markup Languages 2004},
  year = {2004},
}

@MISC{b1b2,
  author = {J.J. Carroll},
  title = {{B1 B2 proof [sic]}},
  howpublished = {\url{http://lists.w3.org/Archives/Public/www-webont-wg/2003Jun/0294/}},
  year = {2003},
  note = {This proof is known to be flawed, the conjecture is open.},
}

@INPROCEEDINGS{carroll03signing,
  author = {Jeremy Carroll},
  title = {Signing RDF Graphs},
  year = {2003},
  text = {J. J. Carroll. Signing RDF Graphs. In 2nd ISWC, volume 2870 of LNCS. Springer, 2003.},
  url = {citeseer.ist.psu.edu/carroll03signing.html},
}

@MISC{Ng-website,
  author = {Jeremy Carroll and Christian Bizer and Pat Hayes and Patrick Stickler},
  title = {Named Graphs Website},
  note = {http://www.w3.org/2004/03/trix/},
  owner = {BIZER},
}

@INPROCEEDINGS{ng-paper,
  author = {Jeremy Carroll and Christian Bizer and Patrick Hayes and Patrick Stickler},
  title = {Named Graphs, Provenance and Trust},
  booktitle = {14th International World Wide Web Conference},
  year = {2005},
  owner = {BIZER},
}

@INPROCEEDINGS{carroll:signing,
  author = {Carroll, Jeremy J.},
  title = {{Signing RDF Graphs}},
  booktitle = {2nd International Semantic Web Conference},
  year = {2003},
}

@INPROCEEDINGS{carroll:iswc2002,
  author = {Jeremy J. Carroll},
  title = {{Matching RDF graphs}},
  booktitle = {International Semantic Web Conference},
  year = {2002},
}

@TECHREPORT{arp,
  author = {Jeremy J. Carroll},
  title = {{CoParsing of RDF \& XML}},
  institution = {HP Labs},
  year = {2001},
  number = {HPL-2001-292},
  howpublished = {\url{http://www.hpl.hp.com/techreports/2001/HPL-2001-292.html}},
}

@INPROCEEDINGS{www2005:ng,
  author = {Jeremy J. Carroll and Christian Bizer and Pat Hayes and Patrick Stickler},
  title = {{{Named Graphs, Provenance and Trust}}},
  booktitle = {14th World Wide Web Conference},
  year = {2005},
}

@TECHREPORT{hp:ng,
  author = {Jeremy J. Carroll and Christian Bizer and Pat Hayes and Patrick Stickler},
  title = {{{Named Graphs, Provenance and Trust}}},
  institution = {HP Labs},
  year = {2004},
  number = {HPL-2004-57},
}

@INPROCEEDINGS{iswc2004:ng,
  author = {Jeremy J. Carroll and Christian Bizer and Pat Hayes and Patrick Stickler},
  title = {{{Semantic Web Publishing using Named Graphs}}},
  booktitle = {Trust, Security, and Reputation on the Semantic Web, (workshop at 3rd ISWC)},
  year = {2004},
}

@MISC{owl-test,
  author = {Carroll, Jeremy J. and De Roo, Jos},
  title = {{Web Ontology Language (OWL) Test Cases - W3C Recommendation}},
  howpublished = {\url{http://www.w3.org/TR/owl-test/}},
  year = {2004},
}

@TECHREPORT{hp:trix,
  author = {Jeremy J. Carroll and Patrick Stickler},
  title = {{{TriX: RDF Triples in XML}}},
  institution = {HP Labs},
  year = {2004},
  number = {HPL-2004-56},
}

@MISC{catton:evolution,
  author = {Chris Catton and David Shotton },
  title = {{The use of Named Graphs to enable ontology evolution}},
  howpublished = {\url{http://www.bioimage.org/pub/paradigm.htm}},
  year = {2004},
}

@MISC{xpath,
  author = {J. Clark and S. DeRose},
  title = {{XML Path Language (XPath) Version 1.0 - W3C Recommendation}},
  howpublished = {{\url{http://www.w3.org/TR/1999/REC-xpath-19991116}}},
  year = {1999},
  organization = {W3C},
}

@MISC{XML-Style,
  author = {James Clark},
  title = {{Associating Style Sheets with XML documents - W3C Recommendation}},
  year = {1999},
  note = {\url{http://www.w3.org/1999/06/REC-xml-stylesheet-19990629/}},
  owner = {BIZER},
}

@MISC{XSLT-spec,
  author = {James Clark},
  title = {{XSL Transformations (XSLT) - W3C Recommendation}},
  year = {1999},
  note = {\url{http://www.w3.org/TR/xslt}},
  owner = {BIZER},
}

@INPROCEEDINGS{cui00practical,
  author = {Yingwei Cui and Jennifer Widom},
  title = {Practical Lineage Tracing in Data Warehouses},
  booktitle = {{ICDE}},
  year = {2000},
  pages = {367-378},
  url = {citeseer.ist.psu.edu/article/cui99practical.html},
}

@MANUAL{sparql2sql,
  title = {sparql2sql: A query engine for SPARQL over Jena triple stores},
  author = {Richard Cyganiak},
  organization = {HP Labs},
  address = {http://jena.sourceforge.net/sparql2sql/},
}

@MISC{Pubby,
  author = {Richard Cyganiak and Chris Bizer},
  title = {Pubby - A Linked Data Frontend for SPARQL Endpoints},
  year = {2007},
  note = {\url{http://www4.wiwiss.fu-berlin.de/pubby/}},
  owner = {bizer},
}

@BOOK{Daconta2003,
  title = {The Semantic Web},
  publisher = {Wiley Publishing, Inc., Indianapolis, Indiana},
  year = {2003},
  author = {Michael Daconta and Leo J. Obrst and Kevin T. Smith},
}

@BOOK{date2003,
  title = {An Introduction to Database Systems},
  publisher = {Addison Wesley},
  year = {2003},
  author = {Christopher J. Date},
  edition = {Eighth},
}

@INBOOK{Davies2003,
  chapter = {1},
  pages = {1-10},
  title = {Toward The Semantic Web},
  publisher = {John Wiley \& Sons Ltd,},
  year = {2003},
  author = {John Davies and Dieter Fensel and Frank van Harmelen},
  owner = {westphal},
}

@ARTICLE{Davies2000,
  author = {N.J. Davies},
  title = {Knowledge management},
  journal = {BT Technology Journal},
  year = {2000},
  volume = {18},
  pages = {62-63},
  number = {1},
  owner = {westphal},
}

@MISC{owl-ref,
  author = {M. Dean and G. Schreiber},
  title = {{OWL Web Ontology Language Reference - W3C Recommendation}},
  howpublished = {\url{http://www.w3.org/TR/owl-ref/}},
  year = {2004},
}

@INPROCEEDINGS{dellarocas00immunizing,
  author = {Chrysanthos Dellarocas},
  title = {Immunizing online reputation
	 reporting systems against unfair ratings and discriminatory behavior},
  booktitle = {{ACM} Conference on Electronic Commerce},
  year = {2000},
  pages = {150-157},
  url = {citeseer.ist.psu.edu/512497.html},
}

@INPROCEEDINGS{dodds-sparql,
  author = {Leigh Dodds},
  title = {SPARQLing Services},
  booktitle = {XTech 2006 Conference},
  year = {2006},
  month = {May},
  note = {http://xtech06.usefulinc.com/schedule/paper/61},
  location = {Amsterdam, The Netherlands},
}

@TECHREPORT{Dumbill03,
  author = {Edd Dumbill},
  title = {{Tracking Provenance of RDF Data}},
  institution = {ISO/IEC},
  year = {2003},
  howpublished = {\url{http://www-106.ibm.com/developerworks/xml/library/x-rdfprov.html}},
}

@MISC{foaf-sig,
  author = {Edd Dumbill},
  title = {{PGP Signing FOAF Files}},
  howpublished = {\url{http://usefulinc.com/foaf/signingFoafFiles}},
  year = {2002},
}

@MISC{xml-sig,
  author = {D. Eastlake and J. Reagle and D. Solo},
  title = {{XML-Signature Syntax and Processing, RFC 3275 - W3C Recommendation }},
  howpublished = {\url{http://www.w3.org/TR/xmldsig-core/}},
  year = {2002},
}

@INPROCEEDINGS{iswc2004keynote,
  author = {Edward Feigenbaum},
  title = {Keynote},
  booktitle = {3rd International Semantic Web Conference},
  year = {2004},
}

@BOOK{Fensel2003,
  title = {Spinning the Semantic Web},
  publisher = {Massachussetts Institute of Technology},
  year = {2003},
  editor = {Fensel and Hendler and Lieberman and Wahlster},
  author = {Fensel and Hendler and Lieberman and Wahlster},
  owner = {westphal},
}

@BOOK{Fensel2001,
  title = {Ontologies: A Silver Bullet for Knowledge Management and Electronic Commerce},
  publisher = {Springer Verlag},
  year = {2001},
  author = {Dieter Fensel},
  owner = {westphal},
}

@INPROCEEDINGS{gangemi:understanding,
  author = { A. Gangemi and P. Mika},
  title = {Understanding the semantic web through descriptions and situations},
  booktitle = {Proceedings of DOA/CoopIS/ODBASE
	 2003 Confederated International Conferences DOA, CoopIS and ODBASE},
  year = {2003},
  series = {LNCS},
  publisher = {Springer},
}

@INPROCEEDINGS{trellis2002,
  author = {Yolanda Gil and Varun Ratnakar},
  title = {Trusting Information Sources One Citizen at a Time},
  booktitle = {First International Semantic Web Concerence (ISWC)},
  year = {2002},
  owner = {BIZER},
}

@INPROCEEDINGS{Golbeck03,
  author = {J. Golbeck and B. Parsia and J. Hendler},
  title = {{Trust Networks on the Semantic Web}},
  booktitle = {7th International Workshop on Cooperative Intelligent Agents, CIA2003},
  year = {2003},
  howpublished = {\url{http://mindswap.org/papers/CIA03.pdf}},
}

@MISC{rdf-test,
  author = {J. Grant and D. Beckett},
  title = {{RDF Test Cases - W3C Recommendation}},
  howpublished = {\url{http://www.w3.org/TR/rdf-testcases/}},
  year = {2004},
}

@INPROCEEDINGS{guha:sw-contexts,
  author = {R. Guha and R. McCool and R. Fikes},
  title = {{Contexts for the Semantic Web}},
  booktitle = {3rd International Semantic Web Conference},
  year = {2004},
}

@PHDTHESIS{guha95,
  author = {Guha, R. V. },
  title = {{Contexts: A Formalization and Some Applications}},
  school = {Stanford},
  year = {1995},
}

@INPROCEEDINGS{frank-web,
  author = {F. van Harmelen and D. Fensel},
  title = {{Practical Knowledge Representation for the Web}},
  booktitle = {IJCAI'99 Workshop on Intelligent Information Integration},
  year = {1999},
  editor = {D. Fensel},
}

@MISC{harris2005,
  author = {Steve Harris},
  title = {SPARQL query processing with conventional relational database systems},
  year = {2005},
  note = {Submitted to {\it International Workshop on Scalable Semantic Web Knowledge
	 Base System (SSWS 2005)}. http://eprints.ecs.soton.ac.uk/11126/},
}

@MISC{rdf-mt,
  author = {P. Hayes},
  title = {{RDF Semantics - W3C Recommendation}},
  howpublished = {\url{http://www.w3.org/TR/rdf-mt/}},
  year = {2004},
}

@MANUAL{Hayes2004,
  title = {RDF Semantics - W3C Recommendation},
  author = {Patrick Hayes},
  organization = {W3C},
  address = {http://www.w3.org/TR/rdf-mt/},
  month = {Februar},
  year = {2004},
  note = {Abruf am 10.01.2005},
  owner = {westphal},
}

@MANUAL{Heflin2001,
  title = {Simple HTML Ontology Extensions (SHOE)},
  author = {Jeff Heflin},
  organization = {University of Maryland at College Park},
  address = {http://www.cs.umd.edu/projects/plus/SHOE/},
  month = {Oktober},
  year = {2001},
  note = {Abruf am 09.01.2005},
  owner = {westphal},
}

@INPROCEEDINGS{heflin:versioning,
  author = {Jeff Heflin and Zhengxiang Pan},
  title = {{A Model Theoretic Semantics for Ontology Versioning}},
  booktitle = {3rd International Semantic Web Conference},
  year = {2004},
}

@MANUAL{Hodgson1999,
  title = {Prolog: The ISO Standard Documents},
  author = {J.P.E. Hodgson},
  organization = {Saint Joseph's University},
  address = {http://pauillac.inria.fr/~deransar/prolog/docs.html},
  month = {Juni},
  year = {1999},
  note = {Abruf am 20.01.2005},
  owner = {westphal},
}

@MANUAL{Horrocks2003,
  title = {The FaCT System},
  author = {Ian Horrocks},
  organization = {University of Manchester},
  address = {http://www.cs.man.ac.uk/~horrocks/FaCT/},
  month = {April},
  year = {2003},
  note = {Abruf am 19.01.2005},
  owner = {westphal},
}

@ARTICLE{Hustadt1994,
  author = {Hustadt, Ullrich},
  title = {Do we need the closed-world assumption in knowledge representation},
  journal = {Working Notes of the KI'94 Workshop: Reasoning about
	 Structured Objects: Knowledge Representation Meets Databases (KRDB'94)},
  year = {1994},
  volume = {D-94},
  pages = {24-26},
  number = {11},
  booktitle = {Working Notes of the KI'94 Workshop: Reasoning about
	 Structured Objects: Knowledge Representation Meets Databases (KRDB'94)},
  caddress = {Saarbr{\"u}cken, Germany},
  cmonth = {#sep#~20--21},
  cyear = {1994},
  editor = {Baader, Franz and Buchheit, Martin and Jeusfeld, Manfred A. and Nutt, Werner},
  paddress = {Saarbr{\"u}cken, Germany},
  pmonth = {#nov#},
  publisher = {DFKI},
  series = {Document},
}

@UNPUBLISHED{huynh2005,
  author = {David Huynh and Stefano Mazzocchi and David Karger},
  title = {Piggy Bank: Experience the Semantic Web Inside Your Web Browser},
  note = {Submitted to the International Semantic Web Conference 2005},
  owner = {BIZER},
}

@INCOLLECTION{Hyvonen2002,
  author = {Eero Hyvˆnen and Petteri Harjula and Kim Viljanen},
  title = {Representing Metadata about Web Resources},
  booktitle = {Semantic Web Kick-Off in Finland},
  publisher = {HIIT Publications, Helsinki},
  year = {2002},
  editor = {Eero Hyvˆnen},
  chapter = {3},
  pages = {47-76},
  month = {Mai},
  owner = {westphal},
}

@MANUAL{Iannella2001,
  title = {Representing vCard Objects in RDF/XML},
  author = {Renato Iannella},
  organization = {IPR Systems},
  address = {http://www.w3.org/TR/vcard-rdf},
  month = {Februar},
  year = {2001},
  note = {Abruf am 02.12.2004},
  owner = {westphal},
}

@MISC{ibrahim:acl,
  author = {A. Ibrahim},
  title = {{Agent Communication Languages (ACL)}},
  howpublished = {\url{http://www.engr.uconn.edu/~ibrahim/publications/acl.htm}},
  year = {2000},
}

@MANUAL{IMC1998,
  title = {vCard and vCalendar},
  author = {IMC},
  organization = {Internet Mail Consortium, USA},
  address = {http://www.imc.org/pdi/},
  month = {September},
  year = {1998},
  note = {Abruf am 02.12.2004},
  owner = {westphal},
}

@MANUAL{DC2003,
  title = {DC Metadata Element Set, Version 1.1: Reference Description},
  author = {Dublin Core Metadata Initiative},
  address = {http://dublincore.org/documents/dces/},
  month = {Juni},
  year = {2003},
  note = {Abruf am 01.12.2004},
  owner = {westphal},
}

@MISC{Intellidimension03,
  author = {Intellidimension},
  title = {{RDF Gateway - Database Fundementals}},
  howpublished = {\url{http://www.intelli} \url{dimension.com/pages/rdfgateway/dev-guide/db/db.rsp}},
  year = {2003},
}

@TECHREPORT{BNF,
  author = {ISO/IEC},
  title = {{Information technology -- Syntactic metalanguage -- Extended BNF}},
  institution = {ISO/IEC},
  year = {1996},
  number = {14977:1996(E)},
}

@MISC{x509,
  author = {ITU-T},
  title = {{Information Technology - Open Systems
	 Interconnection - The Directory Authentication Framework. X.509}},
  year = {1997},
}

@MISC{x500-dn,
  author = {ITU-T},
  title = {{The Directory -- overview of concepts, models and services. X.500}},
  year = {1993},
}

@MISC{x501-dn,
  author = {ITU-T},
  title = {{The Directory -- Models X.501}},
  year = {1993},
}

@MANUAL{awww,
  title = {Architecture of the World Wide Web, Volume One},
  author = {Ian Jacobs and Norman Walsh},
  year = {2004},
  note = {\url{http://www.w3.org/TR/webarch/}},
}

@INCOLLECTION{yacc,
  author = {Johnson, S. C. and R. Sethi},
  title = {{Yacc: a parser generator}},
  booktitle = {UNIX Vol. II: research system},
  publisher = {W.B.Saunders},
  year = {1990},
  edition = {Tenth},
}

@MISC{graham-contexts,
  author = {Graham Klyne},
  title = {{Circumstance, provenance and partial knowledge}},
  howpublished = {\url{http://www.ninebynine.org/RDFNotes/UsingContextsWithRDF.html}},
  year = {2002},
}

@MANUAL{rdf-concepts,
  title = {Resource Description
	 Framework (RDF): Concepts and Abstract Syntax - W3C Recommendation},
  author = {Graham Klyne and Jeremy J. Carroll},
  year = {2004},
  note = {http://www.w3.org/TR/rdf-concepts/},
  owner = {BIZER},
}

@MANUAL{Riitta2001,
  title = {W3C Semantic Web Activity},
  author = {Marja-Riitta Koivunen and Eric Miller},
  address = {URL: http://www.w3c.org/2001/12/semweb-fin/w3csw, W3C},
  month = {November},
  year = {2001},
  note = {Abruf am 20.10.2004},
  owner = {westphal},
}

@ARTICLE{pdl-sparql,
  author = {Cristian P\'{e}rez de Laborda and Stefan Conrad},
  title = {Bringing Relational Data into the SemanticWeb using SPARQL and Relational.OWL},
  journal = {icdew},
  year = {2006},
  volume = {0},
  pages = {55},
  address = {Los Alamitos, CA, USA},
  doi = {http://doi.ieeecomputersociety.org/10.1109/ICDEW.2006.37},
  isbn = {0-7695-2571-7},
  publisher = {IEEE Computer Society},
}

@MANUAL{Lassila1999,
  title = {Resource Description Framework (RDF) Model and Syntax Specification},
  author = {Ora Lassila and Ralph R. Swick},
  address = {http://www.w3c.org/TR/1999/REC-rdf-syntax-19990222/},
  month = {Februar},
  year = {1999},
  note = {Abruf am 08.12.2004},
  owner = {westphal},
}

@INPROCEEDINGS{rstar,
  author = {Li Ma and Zhong Su and Yue Pan and Li Zhang and Tao Liu},
  title = {RStar: an RDF storage and query system for enterprise resource management},
  booktitle = {CIKM '04: Proceedings of the
	 thirteenth ACM conference on Information and knowledge management},
  year = {2004},
  pages = {484--491},
  address = {New York, NY, USA},
  publisher = {ACM Press},
  doi = {http://doi.acm.org/10.1145/1031171.1031264},
  isbn = {1-58113-874-1},
  location = {Washington, D.C., USA},
}

@INPROCEEDINGS{MgKo03,
  author = {Robert MacGregor and In-Young Ko},
  title = {{Representing Contextualized Data using Semantic Web Tools}},
  booktitle = {Practical and Scalable Semantic Systems (workshop at 2nd ISWC)},
  year = {2003},
  howpublished = {\url{http://km.aifb.uni-karlsruhe.de/ws/psss03/proceedings/macgregor-et-al.pdf}},
}

@MANUAL{Manola2004,
  title = {RDF Primer},
  author = {Frank Manola and Eric Miller},
  organization = {W3C},
  address = {http://www.w3c.org/TR/rdf-primer/},
  month = {Februar},
  year = {2004},
  note = {Abruf am 08.12.2004},
  owner = {westphal},
}

@MISC{p3p,
  author = {M. Marchiori},
  title = {{The Platform for Privacy Preferences - W3C Recommendation}},
  howpublished = {\url{http://www.w3.org/TR/P3P/}},
  year = {2002},
}

@MANUAL{Marsh2001,
  title = {XML Base},
  author = {Jonathan Marsh},
  organization = {W3C},
  address = {http://www.w3.org/TR/xmlbase/},
  month = {Juni},
  year = {2001},
  note = {Abruf am 21.01.2005},
  owner = {westphal},
}

@MISC{owl-overview,
  author = {D. L. McGuinness and F. van Harmelen},
  title = {{OWL Web Ontology Language Overview - W3C Recommendation}},
  howpublished = {\url{http://www.w3.org/TR/owl-features/}},
  year = {2004},
}

@MANUAL{mcguinness03infrastructure,
  title = {Infrastructure for web explanations},
  author = {D. L. McGuinness and P. Pinheiro da Silva},
  year = {2003},
  booktitle = {Second International Semantic Web Conference (ISWC2003)},
  url = {citeseer.ist.psu.edu/mcguinness03infrastructure.html},
}

@MANUAL{McGuinness2004,
  title = {OWL Web Ontology Language Overview},
  author = {Deborah L. McGuinness and Frank van Harmelen},
  organization = {W3C},
  address = {http://www.w3.org/TR/2004/REC-owl-features-20040210/},
  month = {Februar},
  year = {2004},
  note = {Abruf am 13.01.2005},
  owner = {westphal},
}

@INPROCEEDINGS{McGuinness2003,
  author = {Deborah L. McGuinness and Paulo Pinheiro da Silva},
  title = {Inference Web: Portable and Shareable Explanations for Question Answering},
  booktitle = {merican Association for Artificial Intelligence Spring Symposium
	 Workshop on New Directions for Question Answering. Stanford University},
  year = {2003},
  owner = {westphal},
}

@BOOK{trust-defs,
  title = {Trust and Distrust Definitions: One Bite at a Time},
  publisher = {Springer},
  year = {2001},
  author = {McKnight, D. Harrison and Chervany, Norman L.},
  number = {2246},
  series = {Lecture Notes in Computer Science},
  note = {http://www.springerlink.com/openurl.asp?genre=article\&id=KWBDM5BULQPV60R1},
  owner = {BIZER},
}

@MANUAL{Miller2004,
  title = {Web Ontology Language (OWL)},
  author = {Eric Miller and Jim Hendler},
  organization = {W3C},
  address = {http://www.w3.org/2004/OWL/},
  month = {September},
  year = {2004},
  note = {Abruf am 12.01.2005},
  owner = {westphal},
}

@BOOK{diss-naumann,
  title = {Quality-Driven Query Answering for Integrated Information Systems},
  publisher = {Springer-Verlag GmbH},
  year = {2002},
  author = {Felix Naumann},
  volume = {2261 / 2002},
  series = {Lecture Notes in Computer Science},
  owner = {BIZER},
}

@INPROCEEDINGS{naumann01,
  author = {Felix Naumann},
  title = {From Databases to Information Systems - Information Quality Makes the Difference},
  booktitle = {International Conference on Information Quality (IQ)},
  year = {2001},
  address = {Cambridge, MA},
  url = {citeseer.ist.psu.edu/naumann01from.html},
}

@INPROCEEDINGS{naumann99b,
  author = {Felix Naumann and Ulf Leser and Johann Christoph Freytag},
  title = {Quality-driven Integration of Heterogenous Information Systems},
  booktitle = {International Conference on Very Large Databases (VLDB)},
  year = {1999},
  pages = {447-458},
  address = {Edinburgh, UK},
  url = {citeseer.ist.psu.edu/naumann99qualitydriven.html},
}

@MISC{LODpage,
  author = {o.V.},
  title = {Linking Open Data - W3C SWEO Community Project},
  year = {2007},
  note = {\url{http://esw.w3.org/topic/SweoIG/TaskForces/CommunityProjects/LinkingOpenData}},
  owner = {bizer},
}

@TECHREPORT{page98pagerank,
  author = {Lawrence Page and Sergey Brin and Rajeev Motwani and Terry Winograd},
  title = {The PageRank Citation Ranking: Bringing Order to the Web},
  institution = {Stanford Digital Library Technologies Project},
  year = {1998},
  url = {citeseer.ist.psu.edu/page98pagerank.html},
}

@MISC{owl-ass,
  author = {P. F. Patel-Schneider and P. Hayes and I. Horrocks},
  title = {{OWL Web Ontology Language Semantics and Abstract Syntax - W3C Recommendation}},
  howpublished = {\url{http://www.w3.org/TR/owl-semantics/}},
  year = {2004},
}

@BOOK{Powers2003,
  title = {Practical RDF},
  publisher = {O'Reilly},
  year = {2003},
  author = {Shelley Powers},
  owner = {westphal},
}

@MANUAL{sparql,
  title = {{SPARQL Query Language for RDF}},
  author = {Eric Prud'hommeaux and Andy Seaborne},
  month = {Apr},
  year = {2006},
  note = {http://www.w3.org/TR/rdf-sparql-query/},
}

@MANUAL{sparql2005-02-17,
  title = {{SPARQL Query Language for RDF}},
  author = {Eric Prud'hommeaux and Andy Seaborne},
  month = {Feb},
  year = {2005},
  note = {http://www.w3.org/TR/2005/WD-rdf-sparql-query-20050217/},
}

@MANUAL{sparql2005-07-21,
  title = {{SPARQL Query Language for RDF - W3C Working Draft 21 July 2005}},
  author = {Eric Prud'hommeaux and Andy Seaborne},
  month = {Jul},
  year = {2005},
  note = {http://www.w3.org/TR/2005/WD-rdf-sparql-query-20050721/},
}

@MISC{reagle2002,
  author = {J. M. Reagle Jr.},
  title = {Finding Baconís Key - Does Google
	 Show How the Semantic Web Could Replace Public Key Infrastructure?},
  year = {2002},
  note = {http://www.w3.org/2002/03/keyfreetrust. html},
  owner = {BIZER},
}

@INPROCEEDINGS{Rector2003,
  author = {Alan L Rector},
  title = {Modularisation of Domain Ontologies
	 Implemented in Description Logics and related formalisms including OWL},
  booktitle = {Knowledge Capture 2003, (Sanibel Island, FL)},
  year = {2003},
  owner = {westphal},
}

@MISC{swed,
  author = {Dave Reynolds and Paul Shabajee and Steve Cayzer and Damian Steer},
  title = {{Semantic Portals Demonstrator - Lessons Learnt}},
  howpublished = {\url{http://www.w3.org/2001/sw/Europe/reports/demo_2_report/}},
  year = {2004},
}

@MANUAL{gnowsis,
  title = {The Gnowsis Semantic Desktop},
  author = {Leo Sauermann and Sven Schwarz},
  organization = {DFKI},
  address = {http://www.gnowsis.org/},
}

@MANUAL{Seaborne2004,
  title = {RDQL - A Query Language for RDF},
  author = {Andy Seaborne},
  organization = {W3C},
  address = {http://www.w3c.org/Submission/RDQL/},
  month = {Januar},
  year = {2004},
  note = {Abruf am 23.01.2005},
  owner = {westphal},
}

@MANUAL{Seaborne2004a,
  title = {Jena A Semantic Web Framework for Java},
  author = {Andy Seaborne},
  organization = {Hewlett Packard Development Company},
  address = {http://jena.sourceforge.net/},
  month = {Dezember},
  year = {2004},
  note = {Abruf am 14.02.2005},
  owner = {westphal},
}

@MISC{SeaborneRdql,
  author = {Andy Seaborne},
  title = {{RDQL - A Query Language for RDF}},
  howpublished = {\url{http://www.w3.org/Submission/2004/SUBM-RDQL-20040109}},
  year = {2004},
}

@INPROCEEDINGS{triple,
  author = {Michael Sintek and Stefan Decker},
  title = {{TRIPLE - A Query, Inference, and Transformation Language for the Semantic Web}},
  booktitle = {1st International Semantic Web Conference},
  year = {2002},
  pages = {364-378},
}

@MISC{owl-guide,
  author = {M. K. Smith and C. Welty and D. L. McGuinness},
  title = {{OWL Web Ontology Language Guide - W3C Recommendation}},
  howpublished = {\url{http://www.w3.org/TR/owl-guide/}},
  year = {2004},
}

@MANUAL{Smith2004,
  title = {OWL Web Ontology Language Guide},
  author = {Michael K. Smith and Chris Welty and Deborah L. McGuinness},
  organization = {W3C},
  address = {http://www.w3.org/TR/2004/REC-owl-guide-20040210/},
  month = {Februar},
  year = {2004},
  note = {Abruf am 12.01.2005},
  owner = {westphal},
}

@MISC{cbd,
  author = {P. Stickler},
  title = {{CBD - Concise Bounded Description}},
  howpublished = {\url{http://www.w3.org/Submission/CBD/}},
  year = {2005},
}

@MISC{SticklerRDQL,
  author = {Patrick Stickler},
  title = {{RDFQ}},
  howpublished = {\url{http://sw.nokia.com/rdfq/RDFQ.html}},
  year = {2004},
}

@MANUAL{range-14,
  title = {httpRange-14: What is the range of the HTTP dereference function?},
  author = {W3C Technical Architecture Group TAG},
  year = {2005},
  note = {\url{http://www.w3.org/2001/tag/issues.html\#httpRange-14}},
}

@INPROCEEDINGS{tummarello:www2005,
  author = {Giovanni Tummarello and Christian Morbidoni and Paolo Puliti and Francesco Piazza},
  title = {{Signing Individual Fragments of an RDF Graph}},
  booktitle = {14th World Wide Web Conference (Poster)},
  year = {2005},
}

@MANUAL{Unicode2004,
  title = {The Unicode Standard: A Technical Introduction},
  author = {Unicode, Inc.},
  address = {http://www.unicode.org/unicode/standard/principles.html},
  month = {September},
  year = {2004},
  note = {Abruf am 21.01.2005},
  owner = {westphal},
}

@INPROCEEDINGS{Uschold1996,
  author = {Mike Uschold},
  title = {Building Ontologies: Towards a Unified Methodology},
  booktitle = {16th Annual Conf. of
	 the British Computer Society Specialist Group on Expert Systems},
  year = {1996},
  owner = {westphal},
}

@MISC{rfc-dn,
  author = {M. Wahl and S. Kille and T. Howes},
  title = {{Lightweight Directory Access Protocol
	 (v3): UTF-8 String Representation of Distinguished Names, RFC 2253}},
  year = {1997},
}

@ARTICLE{WangDQ96,
  author = {Wang, Richard and Strong, Diane},
  title = {Beyond Accuracy: What Data Quality Means to Data Consumers},
  journal = {Journal of Management Information Systems},
  year = {1996},
  owner = {BIZER},
}

@INPROCEEDINGS{wilkinson2003,
  author = {Kevin Wilkinson and Craig Sayers and Harumi Kuno and Dave Reynolds},
  title = {Efficient RDF Storage and Retrieval in Jena2},
  booktitle = {First International Workshop on Semantic Web and Databases (SWDB 2003)},
  year = {2003},
  address = {http://www.hpl.hp.com/techreports/2003/HPL-2003-266.html},
}

@INPROCEEDINGS{ziegler04spreading,
  author = {Cai-Nicolas Ziegler and Georg Lausen},
  title = {Spreading Activation Models for Trust Propagation},
  booktitle = {IEEE International Conference on e-Technology, e-Commerce, and e-Service},
  year = {2004},
  address = {Taipei, Taiwan},
  publisher = {IEEE Computer Society Press},
  url = {citeseer.ist.psu.edu/ziegler04spreading.html},
}

@MISC{pgpintro,
  author = {Phil Zimmerman and {Network Associates Inc.}},
  title = {{An Introduction to Cryptography}},
  howpublished = {\url{ftp://ftp.pgpi.org/pub/pgp/6.5/docs/english/IntroToCrypto.pdf}},
  year = {1999},
}

@BOOK{pgp,
  title = {PGP: Source Code and Internals},
  publisher = {MIT Press},
  year = {1995},
  author = {Philip R. Zimmermann},
}

@INPROCEEDINGS{iswcDbpedia,
  author = {S\"oren Auer and Christian Bizer and Jens Lehmann and Georgi Kobilarov and Richard Cyganiak and Zachary Ives},
  title = {DBpedia: A Nucleus for a Web of Open Data},
  booktitle = {Proceedings of the International Semantic Web Conference (ISWC 2007)},
  year = {2007},
  owner = {bizer},
}

@PHDTHESIS{chrisDiss,
  author = {{Christian Bizer}},
  title = {{Quality-Driven Information Filtering in the Context of Web-Based Information Systems}},
  school = {{Freie Universit\"at Berlin}},
  year = {2007},
  owner = {bizer},
}

@PHDTHESIS{golbek05PhD,
  author = {{Jennifer Golbeck}},
  title = {Computing and Applying Trust in Web-based Social Networks},
  year = {2005},
  url = {http://trust.mindswap.org/papers/GolbeckDissertation.pdf},
}

@PHDTHESIS{mcguinness96explaining,
  author = {Deborah {McGuinness}},
  title = {Explaining Reasoning in Description Logics},
  year = {1996},
  address = {New Brunswick, New Jersey},
  url = {citeseer.ist.psu.edu/mcguinness96explaining.html},
}

@INPROCEEDINGS{tabulator,
  author = {{Tim Berners-Lee et al.}},
  title = {Tabulator: Exploring and Analyzing linked data on the Semantic Web},
  booktitle = {Proceedings of the 3rd International Semantic Web User Interaction Workshop},
  year = {2006},
  note = {\url{http://swui.semanticweb.org/swui06/papers/Berners-Lee/Berners-Lee.pdf}},
}

@BOOK{dl-handbook,
  title = {{The Description Logic Handbook: Theory, Implementation and Applications}},
  publisher = {Cambridge University Press},
  year = {2003},
  editor = {Franz Baader and Diego Calvanese
	 and Deborah McGuinness and Daniele Nardi and Peter Patel-Schneider},
}

@MISC{ccWebsite,
  title = {{Creative Commons Website}},
  howpublished = {\url{http://creativecommons.org/}},
  year = {2003},
  key = {cc03},
}

