This file was created with JabRef 2.3b.
Encoding: Cp1252

@INPROCEEDINGS{aksw.org/cssw07/keynote_idehen.pdf,
  author = {Kingsley Idehen},
  title = {Hello Data Web - Exposing the Data Web},
  crossref = {aksw.org/cssw07},
  file = {:http\://aksw.org/cssw07/keynote_idehen.pdf:PDF},
  owner = {soeren},
  timestamp = {2007.08.21},
  url = {aksw.org/cssw07/keynote_idehen.pdf}
}

@INPROCEEDINGS{aksw.org/cssw07/paper/1_graefe.pdf,
  author = {Gernot Graefe and Christian Maaß and Andreas Heß},
  title = {Alternative Searching Services: Seven Theses on the Importance of "Social Bookmarking"},
  crossref = {aksw.org/cssw07},
  timestamp = {2007.08.21},
  url = {http://aksw.org/cssw07/paper/1_graefe.pdf}
}

@INPROCEEDINGS{aksw.org/cssw07/paper/2_landefeld.pdf,
  author = {Rico Landefeld and Harald Sack},
  title = {Collaborative Web-Publishing with a Semantic Wiki},
  crossref = {aksw.org/cssw07},
  timestamp = {2007.08.21},
  url = {http://aksw.org/cssw07/paper/2_landefeld.pdf}
}

@INPROCEEDINGS{aksw.org/cssw07/paper/3_bishr.pdf,
  author = {Mohamed Bishr},
  title = {Weaving Space into the Web of Trust: An Asymmetric Spatial Trust Model for Social Networks},
  crossref = {aksw.org/cssw07},
  timestamp = {2007.08.21},
  url = {http://aksw.org/cssw07/paper/3_bishr.pdf}
}

@INPROCEEDINGS{aksw.org/cssw07/paper/4_bojars.pdf,
  author = {Uldis Bojars and Benjamin Heitmann and Eyal Oren},
  title = {A Prototype to Explore Content and Context on Social Community Sites},
  crossref = {aksw.org/cssw07},
  timestamp = {2007.08.21},
  url = {http://aksw.org/cssw07/paper/4_bojars.pdf}
}

@INPROCEEDINGS{aksw.org/cssw07/paper/5_erling.pdf,
  author = {Orri Erling and Ivan Mikhailov},
  title = {{RDF} Support in the {V}irtuoso {DBMS}},
  crossref = {aksw.org/cssw07},
  timestamp = {2007.08.21},
  url = {http://aksw.org/cssw07/paper/5_erling.pdf}
}

@INPROCEEDINGS{aksw.org/cssw07/paper/6_weiske.pdf,
  author = {Christian Weiske and Sören Auer},
  title = {Implementing {SPARQL} Support for Relational Databases and Possible Enhancements},
  crossref = {aksw.org/cssw07},
  timestamp = {2007.08.21},
  url = {http://aksw.org/cssw07/paper/6_weiske.pdf}
}

@INPROCEEDINGS{aksw.org/cssw07/paper/7_maue.pdf,
  author = {Patrick Maué},
  title = {Collaborative Metadata for Geographic Information},
  crossref = {aksw.org/cssw07},
  timestamp = {2007.08.21},
  url = {http://aksw.org/cssw07/paper/7_maue.pdf}
}

@INPROCEEDINGS{aksw.org/cssw07/paper/8_riechert.pdf,
  author = {Thomas Riechert and Steffen Lohmann},
  title = {Mapping Cognitive Models to Social Semantic Spaces - Collaborative Development of Project Ontologies},
  crossref = {aksw.org/cssw07},
  timestamp = {2007.08.21},
  url = {http://aksw.org/cssw07/paper/8_riechert.pdf}
}

@INPROCEEDINGS{aksw.org/cssw07/paper/9_lehmann.pdf,
  author = {Jens Lehmann and J\"org Sch\"uppel and S\"oren Auer},
  title = {Discovering Unknown Connections - the DBpedia Relationship Finder},
  crossref = {aksw.org/cssw07},
  timestamp = {2007.08.21},
  url = {http://aksw.org/cssw07/paper/9_lehmann.pdf}
}

@INPROCEEDINGS{aksw.org/cssw07/softwiki/1_riechert.pdf,
  author = {Thomas Riechert and Kim Lauenroth and Jens Lehmann},
  title = {SWORE - SoftWiki Ontology for Requirements Engineering},
  crossref = {aksw.org/cssw07},
  timestamp = {2007.08.21},
  url = {http://aksw.org/cssw07/softwiki/1_riechert.pdf}
}

@INPROCEEDINGS{aksw.org/cssw07/softwiki/2_hagen.pdf,
  author = {Mariele Hagen and Berit Jungmann and Kim Lauenroth},
  title = {A Processmodel for Wiki-Based Requirements Engineering Supported by Semantic Web Technologies},
  crossref = {aksw.org/cssw07},
  timestamp = {2007.08.21},
  url = {http://aksw.org/cssw07/softwiki/2_hagen.pdf}
}

@INPROCEEDINGS{aksw.org/cssw07/softwiki/3_cyriaks.pdf,
  author = {Haiko Cyriaks and Steffen Lohmann and Horst Stolz and Veli Velioglu and J\"urgen Ziegler},
  title = {Supporting Requirements Elicitation by Semantic Preprocessing of Document Collections},
  crossref = {aksw.org/cssw07},
  timestamp = {2007.08.21},
  url = {http://aksw.org/cssw07/softwiki/3_cyriaks.pdf}
}

@INPROCEEDINGS{aksw.org/cssw07/softwiki/4_lohmann.pdf,
  author = {Steffen Lohmann and J\"urgen Ziegler},
  title = {Ways of Participation and Development of Shared Understanding in Distributed Requirements Engineering},
  crossref = {aksw.org/cssw07},
  timestamp = {2007.08.21},
  url = {http://aksw.org/cssw07/softwiki/4_lohmann.pdf}
}

@INPROCEEDINGS{aksw.org/cssw07/poster/1_judge.pdf,
  author = {John Judge and Mikhail Sogrin and Alexander Troussov},
  title = {Galaxy: IBM Ontological Network Miner},
  crossref = {aksw.org/cssw07},
  timestamp = {2007.08.21},
  url = {http://aksw.org/cssw07/softwiki/1_judge.pdf}
}

@INPROCEEDINGS{aksw.org/cssw07/poster/2_walter.pdf,
  author = {Andreas Walter and Gabor Nagypal},
  title = {{IMAGENOTION} - Collaborative Semantic Annotation of Images and Image Parts and Work Integrated Creation of Ontologies},
  crossref = {aksw.org/cssw07},
  timestamp = {2007.08.21},
  url = {http://aksw.org/cssw07/softwiki/2_walter.pdf}
}

@INPROCEEDINGS{aksw.org/cssw07/poster/3_lohmann.pdf,
  author = {Steffen Lohmann and Philipp Heim and J\"urgen Ziegler},
  title = {Semantic Integrator: Semi-Automatically Enhancing Social Semantic Web Environments},
  crossref = {aksw.org/cssw07},
  timestamp = {2007.08.21},
  url = {http://aksw.org/cssw07/softwiki/3_lohmann.pdf}
}

@INPROCEEDINGS{aksw.org/cssw07/poster/4_hammwoehner.pdf,
  author = {Rainer Hammwöhner},
  title = {Semantic Wikipedia - Checking the Premises},
  crossref = {aksw.org/cssw07},
  timestamp = {2007.08.21},
  url = {http://aksw.org/cssw07/softwiki/4_hammwoehner.pdf}
}

@INPROCEEDINGS{aksw.org/cssw07/poster/5_martin.pdf,
  author = {Michael Martin},
  title = {Exploring the Netherlands on a Semantic Path},
  crossref = {aksw.org/cssw07},
  timestamp = {2007.08.21},
  url = {http://aksw.org/cssw07/softwiki/5_martin.pdf}
}

@PROCEEDINGS{aksw.org/cssw07,
  title = {The Social Semantic Web 2007. Proceedings of 1st Conference on Social
	Semantic Web (CSSW'07), Leipzig, 24.-28. September 2007.},
  year = {2007},
  editor = {S\"oren Auer and Christian Bizer and Claudia M\"uller and Anna Zhdanova},
  volume = {P-113},
  number = {ISBN 978-3-88579-207-9},
  series = {GI-Edition - Lecture Notes in Informatics (LNI), ISSN 1617-5468},
  publisher = {Bonner K\"ollen Verlag},
  month = {September},
  owner = {soeren},
  timestamp = {2007.08.21}
}

@comment{jabref-meta: selector_publisher:}

@comment{jabref-meta: selector_author:}

@comment{jabref-meta: selector_journal:}

@comment{jabref-meta: selector_keywords:}

